@inproceedings{raftpaper,
  title={In search of an understandable consensus algorithm},
  author={Ongaro, Diego and Ousterhout, John},
  booktitle={2014 $\{$USENIX$\}$ Annual Technical Conference ($\{$USENIX$\}$$\{$ATC$\}$ 14)},
  pages={305--319},
  year={2014}
}


@article{writebehind,
  title={Write-behind logging},
  author={Arulraj, Joy and Perron, Matthew and Pavlo, Andrew},
  journal={Proceedings of the VLDB Endowment},
  volume={10},
  number={4},
  pages={337--348},
  year={2016},
  publisher={VLDB Endowment}
}


@article{izraelevitz2019basic,
  title={Basic performance measurements of the intel optane DC persistent memory module},
  author={Izraelevitz, Joseph and Yang, Jian and Zhang, Lu and Kim, Juno and Liu, Xiao and Memaripour, Amirsaman and Soh, Yun Joon and Wang, Zixuan and Xu, Yi and Dulloor, Subramanya R and others},
  journal={arXiv preprint arXiv:1903.05714},
  year={2019}
}


@inproceedings{peng2019system,
  title={System evaluation of the Intel Optane byte-addressable NVM},
  author={Peng, Ivy B and Gokhale, Maya B and Green, Eric W},
  booktitle={Proceedings of the International Symposium on Memory Systems},
  pages={304--315},
  year={2019}
}

